@misc{Law_2023,
  title     = {Top 10: Autonomous Vehicle Companies},
  url       = {https://technologymagazine.com/top10/top-10-autonomous-vehicle-companies},
  journal   = {Technology Magazine},
  publisher = {Bizclik Media Ltd},
  author    = {Law, Marcus},
  year      = {2023},
  month     = {Sep}
} 

@misc{SunFounder,
  title   = {Raspberry Pi Video Car Kit - Picar-V},
  url     = {https://www.sunfounder.com/products/smart-video-car},
  journal = {SunFounder},
  author  = {SunFounder}
} 

@misc{RaspberryPi,
  title   = {Buy A raspberry pi 4 model B â€“ raspberry pi},
  url     = {https://www.raspberrypi.com/products/raspberry-pi-4-model-b/},
  journal = {Raspberry Pi 4 Model B},
  author  = {RaspberryPi}
} 

@misc{Kaggle,
  title   = {Machine Learning in Science II 2025},
  url     = {https://www.kaggle.com/competitions/machine-learning-in-science-ii-2025},
  journal = {Kaggle}, 
  author  = {Lieu, Maggie}
} 